<record><leader>00000cas a22000007a 4500</leader><controlfield tag="001">10744247</controlfield><controlfield tag="008">840517d18581860tnu x ne     s0   a0eng d</controlfield><datafield ind1=" " ind2=" " tag="010"><subfield code="a">  2011218510</subfield></datafield><datafield ind1=" " ind2=" " tag="040"><subfield code="a">TKN</subfield><subfield code="b">eng</subfield><subfield code="c">TKN</subfield><subfield code="d">OCL</subfield><subfield code="d">OCLCQ</subfield><subfield code="d">DLC</subfield><subfield code="d">OCLCA</subfield><subfield code="d">OCLCF</subfield></datafield><datafield ind1=" " ind2=" " tag="042"><subfield code="a">msc</subfield></datafield><datafield ind1=" " ind2=" " tag="043"><subfield code="a">n-us-tn</subfield></datafield><datafield ind1="0" ind2="0" tag="050"><subfield code="a">Newspaper</subfield></datafield><datafield ind1=" " ind2=" " tag="090"><subfield code="a">JK5201</subfield><subfield code="b">.L4</subfield></datafield><datafield ind1="0" ind2="4" tag="245"><subfield code="a">The Legislative union and American.</subfield></datafield><datafield ind1=" " ind2=" " tag="260"><subfield code="a">Nashville, Tenn. :</subfield><subfield code="b">E.G. Eastman &amp; Co., Public Printers</subfield></datafield><datafield ind1=" " ind2=" " tag="300"><subfield code="a">2 v. ;</subfield><subfield code="c">25 cm.</subfield></datafield><datafield ind1="0" ind2=" " tag="362"><subfield code="a">-v.2, no. 38 (Mar. 31, 1860).</subfield></datafield><datafield ind1="1" ind2=" " tag="362"><subfield code="a">Began in 1858.</subfield><subfield code="z">Cf Union list of serials.</subfield></datafield><datafield ind1=" " ind2=" " tag="500"><subfield code="a">" ... embracing brief sketches of the proceedings and debates, of the ... General Assembly of the State of Tennessee."</subfield></datafield><datafield ind1=" " ind2=" " tag="588"><subfield code="a">Description based on: V. 2, no. 1 (Oct. 8, 1859).</subfield></datafield><datafield ind1="1" ind2="0" tag="610"><subfield code="a">Tennessee.</subfield><subfield code="b">General Assembly.</subfield></datafield><datafield ind1=" " ind2="0" tag="651"><subfield code="a">Nashville (Tenn.)</subfield><subfield code="v">Newspapers.</subfield></datafield><datafield ind1=" " ind2="7" tag="655"><subfield code="a">Newspapers.</subfield><subfield code="2">fast</subfield><subfield code="0">(OCoLC)fst01423814</subfield></datafield><datafield ind1="1" ind2="7" tag="610"><subfield code="a">Tennessee.</subfield><subfield code="b">General Assembly.</subfield><subfield code="2">fast</subfield><subfield code="0">(OCoLC)fst00543196</subfield></datafield><datafield ind1=" " ind2="7" tag="651"><subfield code="a">Tennessee</subfield><subfield code="z">Nashville.</subfield><subfield code="2">fast</subfield><subfield code="0">(OCoLC)fst01204195</subfield></datafield><datafield ind1="1" ind2=" " tag="710"><subfield code="a">Tennessee.</subfield><subfield code="b">General Assembly.</subfield></datafield><datafield ind1=" " ind2=" " tag="752"><subfield code="a">United States</subfield><subfield code="b">Tennessee</subfield><subfield code="c">Davidson</subfield><subfield code="d">Nashville.</subfield></datafield><datafield ind1=" " ind2=" " tag="936"><subfield code="a">Oct. 8, 1859-March 31, 1860</subfield></datafield></record>